@article{najemnik2005,
  title={Optimal eye movement strategies in visual search},
  author={Najemnik, Jiri and Geisler, Wilson S},
  journal={Nature},
  volume={434},
  number={7031},
  pages={387--391},
  year={2005},
  publisher={Nature Publishing Group},
  url={https://www.cns.nyu.edu/~david/courses/perceptionGrad/Readings/NajemnikGeisler-Nature2005.pdf}
}

@article{najemnik2009,
  title={Simple summation rule for optimal fixation selection in visual search},
  author={Najemnik, Jiri and Geisler, Wilson S},
  journal={Vision research},
  volume={49},
  number={10},
  pages={1286--1294},
  year={2009},
  publisher={Elsevier},
  url={https://www.sciencedirect.com/science/article/pii/S0042698908006007/pdfft?isDTMRedir=true&download=true}
}
