@misc{conrad2004-maximumEntropy,
  title={Probability distributions and maximum entropy},
  author={Conrad, Keith},
  pages={26},
  year={2004},
  url={https://kconrad.math.uconn.edu/blurbs/analysis/entropypost.pdf}
}

@article{cox1946-reasonableExpectation,
  title={Probability, frequency and reasonable expectation},
  author={Cox, Richard T},
  journal={American journal of physics},
  volume={14},
  number={1},
  pages={1--13},
  year={1946},
  publisher={AAPT},
  url={https://57854434-a-62cb3a1a-s-sites.googlegroups.com/site/easwaran/readings/Cox1946.pdf?attachauth=ANoY7cpfEZwyAjZf21ZXWMf9dhWZvco4kLpr5Uxn5ArGLIWuVrN9V5P4SmkgToYxhxiMKNfibW6zESzmVPqtnjdA-qOzeb1vaK2GDLd-JKx89uJXt47AyDxHjpW1n6ckCsv87Irud67XbDGUNgDmwEc3S5WTaSM0CHGR2dbgMlh8uXK-Y9J1zV9dLOhuzL6aVaaWk48F_Cj2yKkTznc4wivY_LXjYd-5lQ%3D%3D&attredirects=0}
}

@book{davidson2018-bayesianForHackers,
  title={Bayesian methods for hackers: probabilistic programming and Bayesian inference},
  author={Davidson-Pilon, Cameron},
  year={2018},
  publisher={Addison-Wesley Professional},
  url={93.174.95.29/main/2203000/37bf3017c01908d88615f21a0de3fa67/Cameron%20Davidson-Pilon%20-%20Bayesian%20Methods%20for%20Hackers.%20Probabilistic%20Programming%20and%20Bayesian%20Inference-Addison%20Wesley%20%282016%29.pdf}
}

@misc{jaynes1984-bayesianBackground,
  title={Bayesian methods: General background},
  author={Jaynes, Edwin T},
  year={1984},
  publisher={Fourth Annual Workshop on Bayesian/Maximum Entropy Methods},
  url={http://citeseerx.ist.psu.edu/viewdoc/download;jsessionid=E3CAC8BC04D114B9FA346D29DF78A692?doi=10.1.1.41.1055&rep=rep1&type=pdf}
}

@book{jaynes2003-bookProbabilityTheory,
  title={Probability theory: The logic of science},
  author={Jaynes, Edwin T},
  year={2003},
  publisher={Cambridge university press},
  url={http://www.med.mcgill.ca/epidemiology/hanley/bios601/GaussianModel/JaynesProbabilityTheory.pdf}
}

@book{reichl2016-bookStatisticalPhysics,
  title={A modern course in statistical physics (4th edition)},
  author={Reichl, Linda E},
  year={2016},
  publisher={Wiley-Vch},
  url={93.174.95.29/main/2132000/de18943f3f7a75e83221a4b5bc01d6a0/Linda%20E.%20Reichl%20-%20A%20Modern%20Course%20in%20Statistical%20Physics-Wiley-VCH%20%282016%29.pdf}
}

@article{shannon1948-theoryOfCommunication,
  title={A mathematical theory of communication},
  author={Shannon, Claude Elwood},
  journal={Bell system technical journal},
  volume={27},
  number={3},
  pages={379--423},
  year={1948},
  publisher={Wiley Online Library},
  url={https://pure.mpg.de/rest/items/item_2383162/component/file_2456978/content}
}

@book{laplace1820-probabilites,
  title={Th\'eorie analytique des probabilit\'es},
  author={Laplace, Pierre Simon},
  year={1820},
  publisher={Courcier},
  url={93.174.95.29/main/11000/accf70cf7847f79b1940cc91ee65c1fb/Laplace%20J.-B.%20-%20Theorie%20des%20probabilites%20%28Oeuvres%29.%20Tome%207-Gauthier~Villars%20%281886%29.djvu}
}



