@inproceedings{deFinetti1937-coherence,
  title={La pr{\'e}vision: ses lois logiques, ses sources subjectives},
  author={De Finetti, Bruno},
  booktitle={Annales de l'institut Henri Poincar{\'e}},
  volume={7},
  number={1},
  pages={1--68},
  year={1937},
  url={www.numdam.org/article/AIHP_1937__7_1_1_0.pdf}
}
